<?xml version="1.0" encoding="UTF-8"?><record xmlns="http://www.loc.gov/MARC21/slim" xmlns:cinclude="http://apache.org/cocoon/include/1.0" xmlns:zs="http://www.loc.gov/zing/srw/">
  <leader>00905cz  a2200205n  4500</leader>
  <controlfield tag="001">no2009184429</controlfield>
  <controlfield tag="003">DLC</controlfield>
  <controlfield tag="005">20130327084034.0</controlfield>
  <controlfield tag="008">091116n| acannaabn          |a aaa     c</controlfield>
  <datafield tag="010" ind1=" " ind2=" ">
    <subfield code="a">no2009184429</subfield>
  </datafield>
  <datafield tag="035" ind1=" " ind2=" ">
    <subfield code="a">(OCoLC)oca08307487</subfield>
  </datafield>
  <datafield tag="040" ind1=" " ind2=" ">
    <subfield code="a">MoSU</subfield>
    <subfield code="b">eng</subfield>
    <subfield code="c">MoSU</subfield>
    <subfield code="d">DLC</subfield>
  </datafield>
  <datafield tag="046" ind1=" " ind2=" ">
    <subfield code="g">1259</subfield>
  </datafield>
  <datafield tag="100" ind1="0" ind2=" ">
    <subfield code="a">Roland,</subfield>
    <subfield code="c">of Cremona,</subfield>
    <subfield code="d">-1259</subfield>
  </datafield>
  <datafield tag="400" ind1="0" ind2=" ">
    <subfield code="w">nnea</subfield>
    <subfield code="a">Roland,</subfield>
    <subfield code="c">of Cremona,</subfield>
    <subfield code="d">d. 1259</subfield>
  </datafield>
  <datafield tag="400" ind1="0" ind2=" ">
    <subfield code="a">Rolandus,</subfield>
    <subfield code="c">Cremonensis,</subfield>
    <subfield code="d">-1259</subfield>
  </datafield>
  <datafield tag="667" ind1=" " ind2=" ">
    <subfield code="a">THIS 1XX FIELD CANNOT BE USED UNDER RDA UNTIL THIS RECORD HAS BEEN REVIEWED AND/OR UPDATED</subfield>
  </datafield>
  <datafield tag="670" ind1=" " ind2=" ">
    <subfield code="a">Hess, C.R. The tract on Holy Orders in the Summa of Roland of Cremona, 1969:</subfield>
    <subfield code="b">t.p. (Roland of Cremona)</subfield>
  </datafield>
  <datafield tag="670" ind1=" " ind2=" ">
    <subfield code="a">New Catholic encyclopedia, 2nd ed.</subfield>
    <subfield code="b">(Roland of Cremona; b. in Cremona toward the end of the 12th century; d. 1259 in Bologna; Dominican theologian)</subfield>
  </datafield>
  <datafield tag="670" ind1=" " ind2=" ">
    <subfield code="a">OCLC, Nov. 16, 2009</subfield>
    <subfield code="b">(hdg.: Roland, of Cremona, d. 1259; usage: Rolandi Cremonensis)</subfield>
  </datafield>
</record>